 @article{junk_brown_campbell_finlayson_gopal_ramberg_warner_2006, title={The comparative biodiversity of seven globally important wetlands: A synthesis}, volume={68}, DOI={10.1007/s00027-006-0856-z}, number={3}, journal={Aquatic Sciences}, author={Junk, Wolfgang J. and Brown, Mark and Campbell, Ian C. and Finlayson, Max and Gopal, Brij and Ramberg, Lars and Warner, Barry G.}, year={2006}, pages={400–414}}

 @article{dewinter_gosling_potter_2016, title={Comparing the Pearson and spearman correlation coefficients across distributions and sample sizes: A tutorial using simulations and empirical data.}, volume={21}, DOI={10.1037/met0000079}, number={3}, journal={Psychological Methods}, author={de Winter, Joost C. and Gosling, Samuel D. and Potter, Jeff}, year={2016}, pages={273–290}} 
